%Bibliografia

@article{instrukcja,
    author = {Instrukcja do zadania 1. https://ftims.edu.p.lodz.pl/mod/url/view.php?id=6495},
    journal = {},
    title = {},
    year = {},
}

@article{javafx,
    author = {Dokumentacja JavaFX https://docs.oracle.com/javase/8/javase-clienttechnologies.htm},
    journal = {},
    title = {},
    year = {},
}
@article{jdk,
    author = {Dokumentacja JDK 1.8 https://docs.oracle.com/javase/8/docs/api/},
    journal = {},
    title = {},
    year = {},
}
