%Bibliografia

@article{instrukcja,
    author = {Instrukcja do zadania 3. \\ https://ftims.edu.p.lodz.pl/pluginfile.php/14039/mod\_resource/content/1/zad3.pdf},
    journal = {},
    title = {},
    year = {},
}
