%Bibliografia

@article{instrukcja,
    author = {Instrukcja do zadania 2. \\ https://ftims.edu.p.lodz.pl/pluginfile.php/13449/mod\_resource/content/0/zadanie2.pdf},
    journal = {},
    title = {},
    year = {},
}
